%%% References/Bibliography
@misc{TODO,
    author        = {Unknown, Author},
    title         = {{TODO}},
}
@misc{secondary_review,
    author        = {Unknown, Author},
    title         = {{Secondary Review}},
}
@thesis{Dujava2022,
    author        = {Dujava, Jon\'{a}\v{s}},
    title         = {{Counting operators in Effective Field Theory}},
    type          = {Bachelor Thesis},
    institution   = {Charles University},
    year          = {2022},
    url           = {https://hdl.handle.net/20.500.11956/175647},
    archiveprefix = {arXiv},
    primaryclass  = {hep-th},
    eprint        = {2211.05759},
    github        = {jdujava/CountingInEFT},
}
@thesis{Dujava2025,
    author        = {Dujava, Jon\'{a}\v{s}},
    title         = {{Strongly Coupled Quantum Field Theory in Anti--de~Sitter Spacetime}},
    type          = {Master Thesis},
    institution   = {Charles University},
    year          = {2025},
    month         = {6},
    url           = {https://hdl.handle.net/20.500.11956/199960},
    archiveprefix = {arXiv},
    primaryclass  = {hep-th},
    eprint        = {2507.07111},
    github        = {jdujava/ONinAdS},
}
@online{MaresTemplate,
    author        = {Mare\v{s}, Martin and Kom\'{a}rek, Arno\v{s}t and Kulich, Michal},
    title         = {{A Template for Typesetting Thesis at MFF UK in \LaTeX{}}},
    year          = {2024},
    url           = {https://gitlab.mff.cuni.cz/teaching/thesis-templates/thesis-en},
    addendum      = {\mkbibacro{URL}\addcolon\space\url{https://mff.cuni.cz/en/students/student-theses-templates}},
}
@online{TeXtured,
    author        = {Dujava, Jon\'{a}\v{s}},
    title         = {{\TeXtured{} --- \LaTeX{} Template}},
    year          = {2024},
    url           = {https://overleaf.com/latex/templates/textured/zwtzzwgddbsh},
    github        = {jdujava/TeXtured},
}
@online{ITTtemplate,
    author        = {Wild, Vasco Alexander and Povel, Alex},
    title         = {{Template of the Institute of Engineering Thermodynamics (M-21)}},
    year          = {2024},
    url           = {https://collaborating.tuhh.de/m21/public/theses/itt-latex-template},
}
